% Encoding: UTF-8
@Article{Boyle_Guha_2011,
  title =	 {Open Data, Open Source and Open Standards in
                  Chemistry: The Blue Obelisk Five Years On},
  volume =	 3,
  journal =	 {Journal of Cheminformatics},
  author =	 {Noel M. O'Boyle and Rajarshi Guha and Egon
                  L. Willighagen and Sam E. Adams and Jonathan
                  Alvarsson and Jean-Claude Bradley and Igor
                  V. Filippov and Robert M. Hanson and Marcus
                  D. Hanwell and Geoffrey R. Hutchison and others},
  year =	 2011,
  number =	 37,
  doi =		 {10.1186/1758-2946-3-37},
}

@Article{Chamberlain_Szocs_2013,
  title =	 {\pkg{taxize}: Taxonomic Search and Retrieval in
                  \proglang{R}},
  volume =	 2,
  url =		 {http://f1000research.com/articles/2-191/v2},
  number =	 191,
  journal =	 {F1000Research},
  author =	 {Scott A. Chamberlain and Eduard Sz{\"o}cs},
  year =	 2013,
}

@Book{Chapman_2005,
  title =	 {Principles and Methods of Data Cleaning: Primary Species and Species-Occurrence Data, version 1.0.},
  publisher =	 {GBIF},
  author =	 {Arthur Chapman},
  series =	 {Report for the Global Biodiversity Information
                  Facility, Copenhagen},
  url =		 {http://www.gbif.org/orc/?doc_id=1262},
  year =	 2005,
}

@Article{chebi,
	title =	 {ChEBI in 2016: Improved services and an expanding collection of metabolites.},
	volume =	 44,
	doi =		 {10.1093/nar/gkv1031},
	number =	 {D1},
	journal =	 {Nucleic Acids Research},
	author =	 {Janna Hastings and Gareth Owen and Adriano Dekker and Marcus Ennis and Namrata Kale and Venkatesh Muthukrishnan},
	year =	 2016,
	pages =	 {D1214--D1219},
}

@Article{Ertl_Patiny_Sander_Rufener_Zasso_2015,
  title =	 {Wikipedia Chemical Structure Explorer: Substructure
                  and Similarity Searching of Molecules from
                  Wikipedia},
  volume =	 7,
  doi =		 {10.1186/s13321-015-0061-y},
  number =	 10,
  journal =	 {Journal of Cheminformatics},
  author =	 {Peter Ertl and Luc Patiny and Thomas Sander and
                  Christian Rufener and Micha{\"e}l Zasso},
  year =	 2015,
}

@Article{Gewin_2016,
  title =	 {Data Sharing: An Open Mind on Open Data},
  volume =	 529,
  doi =		 {10.1038/nj7584-117a},
  number =	 7584,
  journal =	 {Nature},
  author =	 {Virginia Gewin},
  year =	 2016,
  pages =	 {117--119},
}

@Article{Grabner_Varmuza_Dehmer_2012,
  title =	 {\pkg{RMol}: A Toolset for Transforming SD/Molfile
                  Structure Information into \proglang{R} Objects},
  volume =	 7,
  doi =		 {10.1186/1751-0473-7-12},
  journal =	 {Source Code for Biology and Medicine},
  author =	 {Martin Grabner and Kurt Varmuza and Matthias Dehmer},
  year =	 2012,
  number =	 12,
}

@Article{Heller_McNaught_Pletnev_Stein_Tchekhovskoi_2015,
  title =	 {InChI, the IUPAC International Chemical Identifier},
  volume =	 7,
  doi =		 {10.1186/s13321-015-0068-4},
  number =	 23,
  journal =	 {Journal of Cheminformatics},
  author =	 {Stephen R Heller and Alan McNaught and Igor Pletnev
                  and Stephen Stein and Dmitrii Tchekhovskoi},
  year =	 2015,
}

@Article{Kim_2016,
  title =	 {PubChem Substance and Compound Databases},
  volume =	 44,
  number =	 {D1},
  journal =	 {Nucleic Acids Research},
  author =	 {Sunghwan Kim and Paul A. Thiessen and Evan E. Bolton
                  and Jie Chen and Gang Fu and Asta Gindulyte and
                  Lianyi Han and Jane He and Siqian He and Benjamin
                  A. Shoemaker and others},
  year =	 2016,
  doi =		 {10.1093/nar/gkv951},
  pages =	 {D1202--D1213},
}

@Article{Kim_Thiessen_Bolton_Bryant_2015,
  title =	 {PUG-SOAP and PUG-REST: Web Services for Programmatic
                  Access to Chemical Information in PubChem},
  volume =	 43,
  doi =		 {10.1093/nar/gkv396},
  number =	 {W1},
  journal =	 {Nucleic Acids Research},
  author =	 {Sunghwan Kim and Paul A. Thiessen and Evan E. Bolton
                  and Stephen H. Bryant},
  year =	 2015,
  pages =	 {W605--W611},
}

@Article{Lowe_Corbett_Murray-Rust_Glen_2011,
  title =	 {Chemical Name to Structure: OPSIN, an Open Source
                  Solution},
  volume =	 51,
  doi =		 {10.1021/ci100384d},
  number =	 3,
  journal =	 {Journal of Chemical Information and Modeling},
  author =	 {Daniel M. Lowe and Peter T. Corbett and Peter
                  Murray-Rust and Robert C. Glen},
  year =	 2011,
  pages =	 {739--753},
}

@Article{Marwick_2016,
  title =	 {Computational Reproducibility in Archaeological
                  Research: Basic Principles and a Case Study of Their
                  Implementation},
  author =	 {Ben Marwick},
  journal =	 {Journal of Archaeological Method and Theory},
  volume =	 24,
  number =	 2,
  doi =		 {10.1007/s10816-015-9272-9},
  pages =	 {424--450},
  year =	 2016,
  publisher =	 {Springer},
}

@Article{Munch_Galizia_2016,
  title =	 {DoOR 2.0 - Comprehensive Mapping of Drosophila
                  Melanogaster Odorant Responses},
  volume =	 6,
  doi =		 {10.1038/srep21841},
  journal =	 {Scientific Reports},
  author =	 {Daniel M{\"u}nch and C. Giovanni Galizia},
  year =	 2016,
  pages =	 21841,
}

@Article{Peng_2009,
  title =	 {Reproducible Research and Biostatistics},
  volume =	 10,
  doi =		 {10.1093/biostatistics/kxp014},
  number =	 3,
  journal =	 {Biostatistics},
  author =	 {Roger D. Peng},
  year =	 2009,
  pages =	 {405--408},
}

@Article{Reichman_Jones_Schildhauer_2011,
  title =	 {Challenges and Opportunities of Open Data in
                  Ecology},
  volume =	 331,
  number =	 6018,
  journal =	 {Science},
  author =	 {O. J. Reichman and M. B. Jones and
                  M. P. Schildhauer},
  year =	 2011,
  pages =	 {703--705},
  doi =		 {10.1126/science.1197962},
}

@Article{Stieger_2014,
  title =	 {Assessing the Persistence, Bioaccumulation Potential
                  and Toxicity of Brominated Flame Retardants: Data
                  Availability and Quality for 36 Alternative
                  Brominated Flame Retardants},
  volume =	 116,
  doi =		 {10.1016/j.chemosphere.2014.01.083},
  journal =	 {Chemosphere},
  author =	 {Greta Stieger and Martin Scheringer and Carla A. Ng
                  and Konrad Hungerb{\"u}hler},
  year =	 2014,
  pages =	 {118--123},
}

@Article{Tomasulo_2002,
  title =	 {ChemIDplus -- Super Source for Chemical and Drug
                  Information},
  volume =	 21,
  doi =		 {10.1300/J115v21n01_04},
  number =	 1,
  journal =	 {Medical Reference Services Quarterly},
  author =	 {Patricia Tomasulo},
  year =	 2002,
  pages =	 {53--59},
}

@Book{Wehrens_2011,
  title =	 {Chemometrics with \proglang{R}: Multivariate Data
                  Analysis in the Natural Sciences and Life Sciences},
  publisher =	 {Springer-Verlag},
  author =	 {Ron Wehrens},
  year =	 2011,
  doi =		 {10.1007/978-3-642-17841-2},
}

@Article{Weininger_1990,
  title =	 {SMILES. 3. DEPICT. Graphical Depiction of Chemical
                  Structures},
  volume =	 30,
  number =	 3,
  journal =	 {Journal of Chemical Information and Computer
                  Sciences},
  author =	 {David Weininger},
  year =	 1990,
  doi =		 {10.1021/ci00067a005},
  pages =	 {237--243},
}

@Article{Wohlgemuth_Haldiya_Willighagen_Kind_Fiehn_2010,
  title =	 {The Chemical Translation Service -- A Web-Based Tool
                  to Improve Standardization of Metabolomic Reports},
  volume =	 26,
  doi =		 {10.1093/bioinformatics/btq476},
  number =	 20,
  journal =	 {Bioinformatics},
  author =	 {G. Wohlgemuth and P. K. Haldiya and E. Willighagen
                  and T. Kind and O. Fiehn},
  year =	 2010,
  pages =	 {2647--2648},
}

@Misc{appveyor,
  author =	 {{{AppVeyor} Development Team}},
  title =	 {{AppVeyor}: Continuous Integration solution for
                  Windows and Linux},
  year =	 2020,
  url =		 {https://www.appveyor.com/},
}

@Article{boettiger2015building,
  title =	 {Building Software, Building Community: Lessons from
                  the ROpenSci Project},
  author =	 {Carl Boettiger and Scott Chamberlain and Edmund Hart
                  and Karthik Ram},
  journal =	 {Journal of Open Research Software},
  volume =	 3,
  number =	 1,
  year =	 2015,
  doi =		 {10.5334/jors.bu},
  publisher =	 {Ubiquity Press},
}

@Article{chemminer_2008,
  author =	 {Yiqun Cao and Anna Charisi and Li-Chang Cheng and
                  Tao Jiang and Thomas Girke},
  title =	 {\pkg{ChemmineR}: A Compound Mining Framework for
                  \proglang{R}},
  journal =	 {Bioinformatics},
  year =	 2008,
  volume =	 24,
  number =	 15,
  pages =	 {1733-1734},
  doi =		 {10.1093/bioinformatics/btn307},
}

@Misc{chemspipy,
  author =	 {Matt Swain},
  title =	 {\pkg{ChemSpiPy}},
  year =	 2018,
  publisher =	 {GitHub},
  journal =	 {GitHub repository},
  url =		 {https://github.com/mcs07/ChemSpiPy},
}

@Manual{cir,
  author =	 {{NIH}},
  year =	 2020,
  title =	 {NIH Chemical Identifier Resolver},
  url =		 {http://cactus.nci.nih.gov/chemical/structure},
}

@Misc{cirpy,
  author =	 {Matt Swain},
  title =	 {\pkg{CIRpy}},
  year =	 2016,
  publisher =	 {GitHub},
  journal =	 {GitHub repository},
  url =		 {https://github.com/mcs07/CIRpy},
}

@Manual{cran,
  title =	 {\pkg{webchem}: Retrieve Chemical Information from
                  the Web},
  author =	 {Eduard Sz{\"o}cs},
  year =	 {2020},
  note =	 {\proglang{R} package version 0.5.0},
  url =		 {https://CRAN.R-project.org/package=webchem},
}

@Misc{epa_2016,
  author =	 {{U.S. EPA}},
  title =	 {ECOTOX database},
  year =	 2020,
  url =		 {http://cfpub.epa.gov/ecotox/},
}

@Misc{etox,
  author =	 {{UBA}},
  year =	 2020,
  title =	 {ETOX: Information System Ecotoxicology and
                  Environmental Quality Targets},
  url =		 {https://webetox.uba.de/webETOX/index.do},
}

@Misc{flavornet,
	author =	 {Terry Acree and Heinrich Arn},
	year =	 2020,
	title =	 {Flavornet and human odor space},
	url =		 {http://www.flavornet.org/},
}

@Book{ggplot2,
  author =	 {Hadley Wickham},
  title =	 {\pkg{ggplot2}: Elegant Graphics for Data Analysis},
  publisher =	 {Springer-Verlag},
  year =	 2009,
  doi =		 {10.1007/978-0-387-98141-3},
}

@Misc{github,
  title =	 {\pkg{webchem}: Retrieve Chemical Information from
                  the Web},
  author =	 {Eduard Sz{\"o}cs},
  year =	 2020,
  url =		 {https://github.com/ropensci/webchem},
}

@Article{guha_rcdk,
  author =	 {Rajarshi Guha},
  journal =	 {Journal of Statistical Software},
  number =	 5,
  pages =	 {1--16},
  doi =		 {10.18637/jss.v018.i05},
  title =	 {Chemical Informatics Functionality in \proglang{R}},
  volume =	 18,
  year =	 2007,
}

@Manual{lang_rcurl:_2015,
  title =	 {\pkg{RCurl}: General Network (HTTP/FTP/...) Client
                  Interface for \proglang{R}},
  url =		 {http://CRAN.R-project.org/package=RCurl},
  author =	 {Lang, Duncan Temple and {the CRAN Team}},
  year =	 2020,
  note =	 {\proglang{R} package version 1.98-1.1}
}

@Misc{lubw_2016,
  shortauthor =	 {LUBW},
  author =	 {{LUBW -- Landesanstalt f{\"u}r Umwelt, Messungen und
                  Naturschutz Baden-W{\"u}rttemberg}},
  title =	 {Jahresdatenkatalog Flie{\ss}gew{\"a}sser 2013},
  year =	 2020,
  url =
                  {http://jdkfg.lubw.baden-wuerttemberg.de/servlet/is/300/},
}

@Misc{nist,
	author =	 {{NIST}},
	year =	 2018,
	title =	 {NIST Chemistry WebBook},
	url =		 {https://doi.org/10.18434/T4D303},
}

@Unpublished{ooms_jsonlite_2014,
  title =	 {The \pkg{jsonlite} Package: A Practical and
                  Consistent Mapping Between JSON Data and
                  \proglang{R} Objects},
  year = 2014,
  url =		 {http://arxiv.org/abs/1403.2805},
  author =	 {Jeroen Ooms},
  note =	 {{arXiv}:1403.2805 [stat.CO]},
  pages =	 {1--29},
}

@Misc{pan,
  author =	 {{PAN}},
  year =	 2020,
  title =	 {Pesticide Action Network (PAN) Pesticide Database},
  url =		 {http://www.pesticideinfo.org/},
}

@Article{pence_chemspider:_2010,
  title =	 {ChemSpider: An Online Chemical Information Resource},
  volume =	 87,
  doi =		 {10.1021/ed100697w},
  number =	 11,
  journal =	 {Journal of Chemical Education},
  author =	 {Harry E. Pence and Antony Williams},
  year =	 2010,
  pages =	 {1123--1124},
}

@Misc{physprop,
  author =	 {P. H. Howard and William Meylan},
  year =	 2016,
  title =	 {Physical/Chemical Property Database (PHYSPROP)},
  url =
                  {http://www.srcinc.com/what-we-do/environmental/scientific-databases.html#physprop},
}

@Article{poisot_best_2015,
  title =	 {Best Publishing Practices to Improve User Confidence
                  in Scientific Software},
  volume =	 8,
  number =	 1,
  doi =		 {10.4033/iee.2015.8.8.f},
  journal =	 {Ideas in Ecology and Evolution},
  author =	 {Timothee Poisot},
  year =	 2015,
}

@Misc{pubchempy,
  author =	 {Matt Swain},
  title =	 {\pkg{PubChemPy}},
  year =	 2017,
  publisher =	 {GitHub},
  journal =	 {GitHub repository},
  url =		 {https://github.com/mcs07/PubChemPy},
}

@Manual{r_2015,
  title =	 {\proglang{R}: A Language and Environment for
                  Statistical Computing},
  author =	 {{\proglang{R} Core Team}},
  organization = {\proglang{R} Foundation for Statistical Computing},
  address =	 {Vienna, Austria},
  year =	 2020,
  url =		 {https://www.R-project.org/},
}

@Manual{rpubchem_2014,
  title =	 {\pkg{rpubchem}: Interface to the PubChem Collection},
  author =	 {Rajarshi Guha},
  year =	 2016,
  note =	 {\proglang{R} package version 1.5.10},
  url =		 {https://CRAN.R-project.org/package=rpubchem},
}

@Misc{srs,
	author =	 {{U.S. EPA}},
	year =	 2020,
	title =	 {Substance Registry Services},
	url =		 {https://iaspub.epa.gov/sor_internet/registry/substreg/home/overview/home.do},
}

@Manual{travis-ci,
  author =	 {Konstantin Haase and Mathias Meyer and Fritz
                  Thielemann and Sven Fuchs and Josh Kalderimis},
  title =	 {{Travis CI}},
  year =	 2020,
  url =		 {https://travis-ci.org/},
}

@TechReport{wfd2000directive,
  title =	 {Directive 2000/60/EC of the European Parliament and
                  of the Council Establishing a Framework for the
                  Community Action in the Field of Water Policy},
  author =	 {{EU-WFD}},
  year =	 2000,
  institution =	 {The European Parliament and Council},
  number =	 {L327/1},
}

@Book{wickham_advanced_2015,
  series =	 {The \proglang{R} Series},
  title =	 {Advanced \proglang{R}},
  publisher =	 {CRC Press},
  author =	 {Hadley Wickham},
  year =	 2015,
}

@Manual{wickham_dplyr,
	title = {\pkg{dplyr}: A Grammar of Data Manipulation},
	author = {Hadley Wickham and Romain François and Lionel Henry and Kirill Müller},
	year = 2020,
	note = {\proglang{R} package version 0.8.5},
	url = {https://CRAN.R-project.org/package=dplyr},
}

@Manual{wickham_httr,
  title =	 {\pkg{httr}: Tools for Working with URLs and HTTP},
  author =	 {Hadley Wickham},
  year =	 2019,
  note =	 {\proglang{R} package version 1.4.1},
  url =		 {https://CRAN.R-project.org/package=httr},
}

@Manual{wickham_purrr,
	title = {\pkg{purrr}: Functional Programming Tools},
	author = {Lionel Henry and Hadley Wickham},
	year = 2019,
	note = {\proglang{R} package version 0.3.3},
	url = {https://CRAN.R-project.org/package=purrr},
}

@Manual{wickham_roxygen2,
	title = {\pkg{roxygen2}: In-Line Documentation for R},
	author = {Hadley Wickham and Peter Danenberg and Gábor Csárdi and Manuel Eugster},
	year = 2020,
	note = {\proglang{R} package version 7.1.0},
	url = {https://CRAN.R-project.org/package=roxygen2},
}

@Manual{wickham_rvest,
  title =	 {\pkg{rvest}: Easily Harvest (Scrape) Web Pages},
  author =	 {Hadley Wickham},
  year =	 2019,
  note =	 {\proglang{R} package version 0.3.5},
  url =		 {https://CRAN.R-project.org/package=rvest},
}

@Manual{wickham_stringr:_2015,
  title =	 {\pkg{stringr}: Simple, Consistent Wrappers for
                  Common String Operations},
  url =		 {http://CRAN.R-project.org/package=stringr},
  author =	 {Wickham, Hadley},
  year =	 2019,
  note =	 {\proglang{R} package version 1.4.0}
}

@Article{wickham_testthat:_2011,
  title =	 {\pkg{testthat}: Get Started with Testing},
  volume =	 3,
  number =	 1,
  journal =	 {The \proglang{R} Journal},
  author =	 {Hadley Wickham},
  year =	 2011,
  doi =		 {10.32614/RJ-2011-002},
  pages =	 {5--10},
}

@Manual{wickham_xml2,
  title =	 {\pkg{xml2}: Parse XML},
  author =	 {Hadley Wickham and Jim Hester and Jeroen Ooms},
  year =	 2020,
  note =	 {\proglang{R} package version 1.2.5},
  url =		 {https://CRAN.R-project.org/package=xml2},
}

@Misc{wiki,
  author =	 {{Wikipedia}},
  year =	 2020,
  title =	 {WikiProject Chemistry/Tools},
  url =
                  {https://www.wikidata.org/wiki/Wikidata:WikiProject_Chemistry},
}

@Manual{wikidatar_2016,
  title =	 {\pkg{WikidataR}: API Client Library for Wikidata},
  author =	 {Oliver Keyes and Christian Graul},
  year =	 2017,
  note =	 {\proglang{R} package version 1.4.0},
  url =		 {https://CRAN.R-project.org/package=WikidataR},
}

@Article{wilson_best_2014,
  title =	 {Best Practices for Scientific Computing},
  volume =	 12,
  doi =		 {10.1371/journal.pbio.1001745},
  number =	 1,
  journal =	 {PLoS Biology},
  author =	 {Greg Wilson and D. A. Aruliah and C. Titus Brown and
                  Neil P. {Chue Hong} and Matt Davis and Richard
                  T. Guy and Steven H. D. Haddock and Kathryn D. Huff
                  and Ian M. Mitchell and Mark D. Plumbley and Ben
                  Waugh and Ethan P. White and Paul Wilson},
  year =	 2014,
  pages =	 {e1001745},
}

@Misc{wood,
  author =	 {Alan Wood},
  year =	 2020,
  title =	 {Compendium of Pesticide Common Names},
  url =		 {http://www. alanwood. net/pesticides},
}

@Manual{python,
  author =	 {Guido van Rossum and others},
  title =	 {\proglang{Python} Programming Language},
  url =		 {http://www.python.org},
  year =	 2011
}

@Misc{zenodo,
	title = {\pkg{webchem}: Retrieve Chemical Information from the Web},
	author = {Zenodo},
	year = {2020},
	url = {http://dx.doi.org/10.5281/zenodo.3708981},
}

@Comment{jabref-meta: databaseType:bibtex;}
